<record><leader>00000cas a22000007a 4500</leader><controlfield tag="001">10900710</controlfield><controlfield tag="008">840629d17901791vauwr ne      0    0eng d</controlfield><datafield ind1=" " ind2=" " tag="010"><subfield code="a">sn 84025996 </subfield></datafield><datafield ind1=" " ind2=" " tag="040"><subfield code="a">NPV</subfield><subfield code="b">eng</subfield><subfield code="c">NPV</subfield><subfield code="d">NVK</subfield><subfield code="d">OCL</subfield><subfield code="d">OCLCQ</subfield><subfield code="d">OCLCF</subfield><subfield code="d">OCLCO</subfield></datafield><datafield ind1=" " ind2=" " tag="042"><subfield code="a">msc</subfield></datafield><datafield ind1=" " ind2=" " tag="043"><subfield code="a">n-us-va</subfield></datafield><datafield ind1="0" ind2="0" tag="245"><subfield code="a">Bartgis's Virginia gazette, and the Winchester advertiser.</subfield></datafield><datafield ind1="3" ind2="0" tag="246"><subfield code="a">M. &amp; C. Bartgis's Virginia gazette, and the Winchester advertiser</subfield></datafield><datafield ind1="3" ind2="0" tag="246"><subfield code="a">Virginia gazette, and the Winchester advertiser</subfield></datafield><datafield ind1="3" ind2="0" tag="246"><subfield code="a">Winchester advertiser</subfield></datafield><datafield ind1=" " ind2=" " tag="260"><subfield code="a">[Winchester, Va. :</subfield><subfield code="b">s.n.],</subfield><subfield code="c">1790-</subfield></datafield><datafield ind1=" " ind2=" " tag="300"><subfield code="a">v.</subfield></datafield><datafield ind1=" " ind2=" " tag="310"><subfield code="a">Weekly</subfield></datafield><datafield ind1="0" ind2=" " tag="362"><subfield code="a">Vol. 3, no. 131 (Jan. 6, 1790)-</subfield></datafield><datafield ind1="1" ind2=" " tag="362"><subfield code="a">Ceased in 1791.</subfield></datafield><datafield ind1=" " ind2=" " tag="500"><subfield code="a">Vol. 3, no. 131 has title: M. &amp; C. Bartgis's Virginia gazette, and the Winchester advertiser.</subfield></datafield><datafield ind1=" " ind2=" " tag="500"><subfield code="a">Published by: M. &amp; C.D. Bartgis. Cf. Brigham, C.S. Va. newspapers, 1821-1935.</subfield></datafield><datafield ind1=" " ind2="0" tag="651"><subfield code="a">Winchester (Va.)</subfield><subfield code="v">Newspapers.</subfield></datafield><datafield ind1=" " ind2="7" tag="655"><subfield code="a">Newspapers.</subfield><subfield code="2">fast</subfield><subfield code="0">(OCoLC)fst01423814</subfield></datafield><datafield ind1=" " ind2="7" tag="651"><subfield code="a">Virginia</subfield><subfield code="z">Winchester.</subfield><subfield code="2">fast</subfield><subfield code="0">(OCoLC)fst01202730</subfield></datafield><datafield ind1=" " ind2=" " tag="752"><subfield code="a">United States</subfield><subfield code="b">Virginia</subfield><subfield code="d">Winchester.</subfield></datafield><datafield ind1="0" ind2="0" tag="780"><subfield code="t">Virginia gazette and the Winchester advertiser</subfield><subfield code="w">(DLC)sn 96096657</subfield></datafield></record>